<?xml version="1.0" encoding="UTF-8"?><record xmlns="http://www.loc.gov/MARC21/slim" xmlns:cinclude="http://apache.org/cocoon/include/1.0" xmlns:zs="http://www.loc.gov/zing/srw/">
  <leader>01106cz  a2200217n  4500</leader>
  <controlfield tag="001">n  85222817 </controlfield>
  <controlfield tag="003">DLC</controlfield>
  <controlfield tag="005">20141219122159.0</controlfield>
  <controlfield tag="008">850920n| acannaab           |n aba      </controlfield>
  <datafield tag="010" ind1=" " ind2=" ">
    <subfield code="a">n  85222817 </subfield>
  </datafield>
  <datafield tag="035" ind1=" " ind2=" ">
    <subfield code="a">(OCoLC)oca01429684</subfield>
  </datafield>
  <datafield tag="040" ind1=" " ind2=" ">
    <subfield code="a">DLC</subfield>
    <subfield code="b">eng</subfield>
    <subfield code="c">DLC</subfield>
    <subfield code="d">DLC</subfield>
    <subfield code="d">NjP</subfield>
    <subfield code="d">DLC</subfield>
    <subfield code="d">TxDa</subfield>
    <subfield code="d">DLC</subfield>
  </datafield>
  <datafield tag="100" ind1="1" ind2="0">
    <subfield code="a">Anderson, Greg</subfield>
  </datafield>
  <datafield tag="667" ind1=" " ind2=" ">
    <subfield code="a">THIS 1XX FIELD CANNOT BE USED UNDER RDA UNTIL THIS UNDIFFERENTIATED RECORD HAS BEEN HANDLED FOLLOWING THE GUIDELINES IN DCM Z1 008/32</subfield>
  </datafield>
  <datafield tag="670" ind1=" " ind2=" ">
    <subfield code="a">[Added entry on Introduction to troubleshooting microprocessor-based systems]</subfield>
  </datafield>
  <datafield tag="670" ind1=" " ind2=" ">
    <subfield code="a">Robbins, A. Introduction to troubleshooting microprocessor-based systems, 1986:</subfield>
    <subfield code="b">CIP t.p. (Greg Anderson)</subfield>
  </datafield>
  <datafield tag="670" ind1=" " ind2=" ">
    <subfield code="a">[Author of The doctored convenants]</subfield>
  </datafield>
  <datafield tag="670" ind1=" " ind2=" ">
    <subfield code="a">The doctored convenants, 19--:</subfield>
    <subfield code="b">t.p. (Greg Anderson)</subfield>
  </datafield>
  <datafield tag="670" ind1=" " ind2=" ">
    <subfield code="a">[Author of All a parent needs to know about homework]</subfield>
  </datafield>
  <datafield tag="670" ind1=" " ind2=" ">
    <subfield code="a">All a parent needs to know about homework, c1997:</subfield>
    <subfield code="b">t.p. (Greg Anderson)</subfield>
  </datafield>
  <datafield tag="675" ind1=" " ind2=" ">
    <subfield code="a">Wiggins, M.E. Mormons and their neighbors;</subfield>
    <subfield code="a">Cont. authors;</subfield>
    <subfield code="a">AMWS;</subfield>
    <subfield code="a">WW in science and engineering;</subfield>
    <subfield code="a">Black, R.R. Bib. on Jerald and Sandra Tanner.</subfield>
  </datafield>
</record>